@misc{padre,
  key=1, 
  title = {Padre, the Perl IDE},
  howpublished = {http://padre.perlide.org/},
  note = {Accessed: 2019-04-05}
}

@misc{strawberry,
  key=2, 
  title = {The Perl for MS Windows, free of charge!},
  howpublished = {http://strawberryperl.com/},
  note = {Accessed: 2019-04-05}
}

@misc{my,
  key=3, 
  title = {Perl Programming Documentation },
  howpublished = {https://perldoc.perl.org/functions/my.html},
  note = {Accessed: 2019-04-05}
}
