@book{friedl2006mastering,
  title={Mastering regular expressions},
  author={Friedl, Jeffrey EF},
  year={2006},
  publisher={" O'Reilly Media, Inc."},
  pages={299--302}
}
@book{id,
  title={Programming Perl, Third Edition},
  author={Wall, Larry, Tom Christiansen and Jon Orwant},
  year={2000},
  publisher={" O'Reilly Media, Inc."}
}
@misc{patchnotes,
  key=2,
  title = {The Timeline of Perl and its Culture},
  howpublished = {\url{http://history.perl.org/PerlTimeline.html}},
  note = {Accessed: 2019-04-03}
}
@misc{perlOrg,
  key=1, 
  title = {Offical site},
  howpublished = {\url{https://www.perl.org/camel.html}},
  note = {Accessed: 2019-04-03}
}
@misc{duck,
  key=3,
  title = {DuckDuckGo github repo},
  howpublished = {\url{https://github.com/duckduckgo/duckduckgo}},
  note = {Accessed: 2019-04-03}
}
@book{modern,
  title={Modern Perl Programmingn},
  author={Michael Saltzman},
  year={2014},
  publisher={"Onyx Neon Press"}

}
@book{christiansen2012programming,
  title={Programming Perl: Unmatched power for text processing and scripting},
  author={Christiansen, Tom and Wall, Larry and Orwant, Jon and others},
  year={2012},
  publisher={" O'Reilly Media, Inc."}
}
@misc{prviRed,
  key=4, 
  title = {Perl Programming Documentation },
  howpublished = {\url{https://perldoc.perl.org/perl5120delta.html#REGEXPs-are-now-first-class}},
  note = {Accessed: 2019-04-03}
}

@book{thomas2013programming,
  title={Programming Ruby 1.9 \& 2.0: The Pragmatic Programmers' Guide},
  author={Thomas, Dave and Hunt, Andy and Fowler, Chad},
  year={2013},
  publisher={Pragmatic Bookshelf}
}@article{wallperl,
  title={The PERL Programming Language},
  author={Wall, Larry}
}

@misc{walltalk,
 title = {{Perl, the first postmodern computer language}},
 howpublished = {\url{https://www.perl.com/pub/1999/03/pm.html}},
 author = {Wall, Larry},
 note = {Accessed: 2019-04-03}
}

@misc{glosar,
 title = {{perlglossary}},
 howpublished = {\url{https://perldoc.perl.org/perlglossary.html}},
 author = {Christiansen, Tom and d foy, brian and Wall, Larry and Orwant, Jon },
 note = {Accessed: 2019-04-05}
}

@book{Srinivasan:1997:APP:549810,
 author = {Srinivasan, Sriram},
 editor = {Oram, Andy},
 title = {Advanced PERL Programming},
 year = {1997},
 isbn = {1565922204},
 edition = {1st},
 publisher = {O'Reilly \& Associates, Inc.},
 address = {Sebastopol, CA, USA},
} 

@misc{comparing,
 title = {{Comparing Selected Criteria of Programming Languages Java, PHP, C++, Perl, Haskell, AspectJ, Ruby, COBOL, Bash Scripts and Scheme Revision 1.0}},
 howpublished = {\url{https://arxiv.org/abs/1008.3434}},
 author = {Al-Qahtani, Sultan and Pietrzynski, Pawel and Guzman, Luis and Arif, Rafik and Tevoedjre, Adrien},
 note = {Accessed: 2019-04-03}
}

@article{Liang:2004:PLC:1060081.1060106,
 author = {Liang, Chuck},
 title = {Programming Language Concepts and Perl},
 journal = {J. Comput. Sci. Coll.},
 issue_date = {May 2004},
 volume = {19},
 number = {5},
 month = may,
 year = {2004},
 issn = {1937-4771},
 pages = {193--204},
 numpages = {12},
 url = {http://dl.acm.org/citation.cfm?id=1060081.1060106},
 acmid = {1060106},
 publisher = {Consortium for Computing Sciences in Colleges},
 address = {USA},
} 


@misc{ unixRegex,
  title{{Regular Expressions}},
  howpublished = {\url{http://pubs.opengroup.org/onlinepubs/007908799/xbd/re.html}},
  author = {The Open Group},
  note = {Accessed: 2019-04-03}
}

@misc{regexInfo,
  title{{Regular-Expressions}},
  howpublished = {\url{https://www.regular-expressions.info/}},
  author = {The Open Group},
  note = {Accessed: 2019-04-03}
}

@misc{pcre,
  title{Perl Compatible Regular Expressions},
  howpublished = {\url{https://pcre.org/},
  note = {Accessed: 2019-04-03}
  }

@misc{perldoc,
 title = {{perldoc}},
 howpublished = {\url{https://perldoc.perl.org/perldata.html#Context}},
 note = {Accessed: 2019-04-03}
}

@book{Aho:1992:FCS:114768,
 author = {Aho, Alfred V. and Ullman, Jeffrey D.},
 title = {Foundations of Computer Science},
 year = {1992},
 isbn = {0-7167-8233-2},
 publisher = {Computer Science Press, Inc.},
 address = {New York, NY, USA},
 pages={529--590}
}  

@misc{padre,
  key=1, 
  title = {Padre, the Perl IDE},
  howpublished = {http://padre.perlide.org/},
  note = {Accessed: 2019-04-05}
}

@misc{strawberry,
  key=2, 
  title = {The Perl for MS Windows, free of charge!},
  howpublished = {http://strawberryperl.com/},
  note = {Accessed: 2019-04-05}
}

@misc{my,
  key=3, 
  title = {Perl Programming Documentation },
  howpublished = {https://perldoc.perl.org/functions/my.html},
  note = {Accessed: 2019-04-05}
}

@book{cooksnd,
  title={{Perl Cookbook}},
  author={Tom Christiansen, Nathan Torkington},
  isbn={8173667330},
  url={https://www.amazon.com/Cookbook-Second-Torkington-Nathan-Christiansen/dp/8173667330/ref=sr_1_fkmrnull_1?keywords=y+Tom+Christiansen+%26+Nathan+Torkington%3B&qid=1554286634&s=books&sr=1-1-fkmrnull},
  year={2003},
  publisher={O'Reilly},
  address = {SAD}
}

@misc{sed,
title = {{sed, a stream editor}},
note = {on-line at: \url{https://www.gnu.org/software/sed/manual/sed.html}},
    author = {Free Software Foundation},
    year = {2000}
}

@misc{cpan,
title = {{Comprenhensive Perl Archive Network}},
note = {on-line at: \url{https://www.cpan.org/}},
    
}

