@book{friedl2006mastering,
  title={Mastering regular expressions},
  author={Friedl, Jeffrey EF},
  year={2006},
  publisher={" O'Reilly Media, Inc."},
  pages={299--302}
}
@book{id,
  title={Programming Perl, Third Edition},
  author={Wall, Larry, Tom Christiansen and Jon Orwant},
  year={2000},
  publisher={" O'Reilly Media, Inc."}
}
@misc{patchnotes,
  key=2,
  title = {The Timeline of Perl and its Culture},
  howpublished = {\url{http://history.perl.org/PerlTimeline.html}},
  note = {Accessed: 2019-04-03}
}
@misc{perlOrg,
  key=1, 
  title = {Offical site},
  howpublished = {\url{https://www.perl.org/camel.html}},
  note = {Accessed: 2019-04-03}
}
@misc{duck,
  key=3,
  title = {DuckDuckGo github repo},
  howpublished = {\url{https://github.com/duckduckgo/duckduckgo}},
  note = {Accessed: 2019-04-03}
}
@book{modern,
  title={Modern Perl Programmingn},
  author={Michael Saltzman},
  year={2014},
  publisher={"Onyx Neon Press"}

}
@book{christiansen2012programming,
  title={Programming Perl: Unmatched power for text processing and scripting},
  author={Christiansen, Tom and Wall, Larry and Orwant, Jon and others},
  year={2012},
  publisher={" O'Reilly Media, Inc."}
}
@misc{prviRed,
  key=4, 
  title = {Perl Programming Documentation },
  howpublished = {\url{https://perldoc.perl.org/perl5120delta.html#REGEXPs-are-now-first-class}},
  note = {Accessed: 2019-04-03}
}

@book{thomas2013programming,
  title={Programming Ruby 1.9 \& 2.0: The Pragmatic Programmers' Guide},
  author={Thomas, Dave and Hunt, Andy and Fowler, Chad},
  year={2013},
  publisher={Pragmatic Bookshelf}
}