@article{wallperl,
  title={The PERL Programming Language},
  author={Wall, Larry}
}

@misc{walltalk,
 title = {{Perl, the first postmodern computer language}},
 howpublished = {\url{https://www.perl.com/pub/1999/03/pm.html}},
 author = {Wall, Larry},
 note = {Accessed: 2019-04-03}
}

@book{Srinivasan:1997:APP:549810,
 author = {Srinivasan, Sriram},
 editor = {Oram, Andy},
 title = {Advanced PERL Programming},
 year = {1997},
 isbn = {1565922204},
 edition = {1st},
 publisher = {O'Reilly \& Associates, Inc.},
 address = {Sebastopol, CA, USA},
} 

@misc{comparing,
 title = {{Comparing Selected Criteria of Programming Languages Java, PHP, C++, Perl, Haskell, AspectJ, Ruby, COBOL, Bash Scripts and Scheme Revision 1.0}},
 howpublished = {\url{https://arxiv.org/abs/1008.3434}},
 author = {Al-Qahtani, Sultan and Pietrzynski, Pawel and Guzman, Luis and Arif, Rafik and Tevoedjre, Adrien},
 note = {Accessed: 2019-04-03}
}

@article{Liang:2004:PLC:1060081.1060106,
 author = {Liang, Chuck},
 title = {Programming Language Concepts and Perl},
 journal = {J. Comput. Sci. Coll.},
 issue_date = {May 2004},
 volume = {19},
 number = {5},
 month = may,
 year = {2004},
 issn = {1937-4771},
 pages = {193--204},
 numpages = {12},
 url = {http://dl.acm.org/citation.cfm?id=1060081.1060106},
 acmid = {1060106},
 publisher = {Consortium for Computing Sciences in Colleges},
 address = {USA},
} 


@misc{unixRegex,
  title{{Regular Expressions}},
  howpublished = {\url{http://pubs.opengroup.org/onlinepubs/007908799/xbd/re.html}},
  author = {The Open Group},
  note = {Accessed: 2019-04-03}
}

@misc{regexInfo,
  title{{Regular-Expressions}},
  howpublished = {\url{https://www.regular-expressions.info/}},
  author = {The Open Group},
  note = {Accessed: 2019-04-03}
}

@misc{pcre,
  title{Perl Compatible Regular Expressions},
  howpublished = {\url{https://pcre.org/},
  note = {Accessed: 2019-04-03}
  }

@misc{perldoc,
 title = {{perldoc}},
 howpublished = {\url{https://perldoc.perl.org/perldata.html#Context}},
 note = {Accessed: 2019-04-03}
}

@book{Aho:1992:FCS:114768,
 author = {Aho, Alfred V. and Ullman, Jeffrey D.},
 title = {Foundations of Computer Science},
 year = {1992},
 isbn = {0-7167-8233-2},
 publisher = {Computer Science Press, Inc.},
 address = {New York, NY, USA},
 pages={529--590}
}  
